@book{Lipovaca11,
 author = {Lipova\v{c}a, Miran},
 title = {Learn You a Haskell for Great Good!: A Beginner's Guide},
 year = {2011},
 isbn = {1593272839, 9781593272838},
 edition = {1st},
 publisher = {No Starch Press},
 address = {San Francisco, CA, USA},
} 

@book{Hutton07,
 author = {Hutton, Graham},
 title = {Programming in Haskell},
 year = 2007,
 isbn = {0521871727, 9780521871723},
 publisher = {Cambridge University Press},
 address = {New York, NY, USA},
}

@book{Hutton16,
 author = {Hutton, Graham},
 title = {Programming in Haskell},
 year = {2016},
 isbn = {1316626229, 9781316626221},
 edition = {2nd},
 publisher = {Cambridge University Press},
 address = {New York, NY, USA},
} 


@article{Halbwachs91,
  title={The synchronous data flow programming language LUSTRE},
  author={Halbwachs, Nicholas and Caspi, Paul and Raymond, Pascal and Pilaud, Daniel},
  journal={Proceedings of the IEEE},
  volume={79},
  number={9},
  pages={1305--1320},
  year={1991},
  publisher={IEEE}
}

@inproceedings{Ungureanu17,
  title={A layered formal framework for modeling of cyber-physical systems},
  author={Ungureanu, George and Sander, Ingo},
  booktitle={2017 Design, Automation \& Test in Europe Conference \& Exhibition (DATE)},
  pages={1715--1720},
  year={2017},
  organization={IEEE}
}

@inproceedings{Ungureanu18a,
  title={Bridging discrete and continuous time with {Atoms}},
  author={Ungureanu, George and de Medeiros, José E. G. and Sander, Ingo},
  booktitle={2018 Design, Automation \& Test in Europe Conference \& Exhibition (DATE)},
  year={2018},
  organization={IEEE}
}


@article{Lee17,
 author = {Lee, Edward A.},
 title = {Fundamental Limits of Cyber-Physical Systems Modeling},
 journal = {ACM Trans. Cyber-Phys. Syst.},
 issue_date = {February 2017},
 volume = {1},
 number = {1},
 month = nov,
 year = {2016},
 issn = {2378-962X},
 pages = {3:1--3:26},
 articleno = {3},
 numpages = {26},
 url = {http://doi.acm.org/10.1145/2912149},
 doi = {10.1145/2912149},
 acmid = {2912149},
 publisher = {ACM},
 address = {New York, NY, USA},
 keywords = {Chaos, completeness, continuums},
}

@article{Lee98,
  title={A framework for comparing models of computation},
  author={Lee, Edward A and Sangiovanni-Vincentelli, Alberto},
  journal={IEEE Transactions on computer-aided design of integrated circuits and systems},
  volume={17},
  number={12},
  pages={1217--1229},
  year={1998},
  publisher={IEEE}
}


@article{Hudak03,
  title={Arrows, robots, and functional reactive programming},
  author={Hudak, Paul and Courtney, Antony and Nilsson, Henrik and Peterson, John},
  journal={Lecture notes in computer science},
  volume={2638},
  pages={159--187},
  year={2003},
  publisher={Springer}
}

@article{Sander04,
 author = {Sander, I. and Jantsch, A.},
 title = {System Modeling and Transformational Design Refinement in ForSyDe {(Formal System Design)}},
 journal = {Trans. Comp.-Aided Des. Integ. Cir. Sys.},
 issue_date = {November 2006},
 volume = {23},
 number = {1},
 month = nov,
 year = {2006},
 issn = {0278-0070},
 pages = {17--32},
 numpages = {16},
 url = {http://dx.doi.org/10.1109/TCAD.2003.819898},
 doi = {10.1109/TCAD.2003.819898},
 acmid = {2300577},
 publisher = {IEEE Press},
 address = {Piscataway, NJ, USA},
}


@book{Bird87,
	title = {An introduction to the theory of lists},
	isbn = {3642873766},
	publisher = {Springer},
	author = {Bird, Richard S.},
	year = {1987}
}


@book{Bird97,
 author = {Bird, Richard and de Moor, Oege},
 title = {Algebra of Programming},
 year = {1997},
 isbn = {0-13-507245-X},
 publisher = {Prentice-Hall, Inc.},
 address = {Upper Saddle River, NJ, USA},
} 


@phdthesis{Reekie95,
	title = {Realtime Signal Processing},
	abstract = {Models of parallelism, process networks, dataflow {MoC}
This thesis presents a "visual" block diagram development system aimed at developing signal processing applications. It is based on Haskell and is limited to the dataflow {MoC}. It presents skeletons for parallel computation.},
	school = {School of Electrical Engineering},
	author = {Reekie, Hideki John},
	year = {1995},
	keywords = {parallel, read, skeleton}
}

@phdthesis{Sander03,
	address = {Stockholm},
	title = {System modeling and design refinement in {ForSyDe}},
	language = {English},
	school = {Kungliga Tekniska h\"{o}gskolan. Institutionen f\"{o}r mikroelektronik och informationsteknik.},
	author = {Sander, Ingo},
	year = {2003}
}

@incollection{Gorlatch03,
year={2003},
isbn={978-1-85233-506-9},
author={Fischer, Jörg and Gorlatch, Sergei and Bischof, Holger},
booktitle={Patterns and Skeletons for Parallel and Distributed Computing},
editor={Rabhi, Fethi A. and Gorlatch, Sergei},
doi={10.1007/978-1-4471-0097-3_1},
title={Foundations of Data-parallel Skeletons},
publisher={Springer London},
author={Fischer, Jörg and Gorlatch, Sergei and Bischof, Holger},
pages={1-27},
language={English}
}


@article{Kahn76,
  title={Coroutines and networks of parallel processes},
  author={Kahn, Gilles and MacQueen, David},
  year={1976}
}

@book{Skillicorn05,
place={Cambridge},
series={Cambridge International Series on Parallel Computation},
title={Foundations of Parallel Programming},
DOI={10.1017/CBO9780511526626},
publisher={Cambridge University Press},
author={Skillicorn, D. B.},
year={1994},
collection={Cambridge International Series on Parallel Computation}
}

